<?xml version="1.0" encoding="UTF-8"?><record xmlns="http://www.loc.gov/MARC21/slim" xmlns:cinclude="http://apache.org/cocoon/include/1.0" xmlns:zs="http://www.loc.gov/zing/srw/">
  <leader>00476cz  a2200133n  4500</leader>
  <controlfield tag="001">n  86823935 </controlfield>
  <controlfield tag="003">DLC</controlfield>
  <controlfield tag="005">19920915133458.5</controlfield>
  <controlfield tag="008">860501n| acannaab|          |n aaa |||  </controlfield>
  <datafield tag="010" ind1=" " ind2=" ">
    <subfield code="a">n  86823935 </subfield>
  </datafield>
  <datafield tag="040" ind1=" " ind2=" ">
    <subfield code="a">DLC</subfield>
    <subfield code="c">DLC</subfield>
    <subfield code="d">DLC</subfield>
  </datafield>
  <datafield tag="100" ind1="1" ind2="0">
    <subfield code="a">Márquez, Orfila</subfield>
  </datafield>
  <datafield tag="670" ind1=" " ind2=" ">
    <subfield code="a">nuc86-39415: Author's Guía de publicaciones periódicas ... 1972</subfield>
    <subfield code="b">(hdg. on TxU rept.: Márquez, Orfila; usage: Orfila Márquez)</subfield>
  </datafield>
  <datafield tag="670" ind1=" " ind2=" ">
    <subfield code="a">Bibliografía venezolana de papa ... 1990:</subfield>
    <subfield code="b">t.p. (Orfila Márquez)</subfield>
  </datafield>
</record>